@book{adams1995hitchhiker,
  title={The Hitchhiker's Guide to the Galaxy},
  author={Adams, D.},
  isbn={9781417642595},
  url={http://books.google.com/books?id=W-xMPgAACAAJ},
  year={1995},
  publisher={San Val}
}

@online{dnvglRevolt,
  title={ReVolt - next generation short sea shipping},
  author={Adams, Simon D.},
  url={https://www.dnvgl.com/news/revolt-next-generation-short-sea-shipping-7279},
  year={2014}
}
